@article{soliverez,
	author = {C. E. Solivérez},
	title = {Educación Tecnológica para comprender el fenómeno tecnológico},
	journal = {Instituto Nacional de Educación Técnica, Buenos Aires Argentina},
	year = 2003,
}

@article{mcluhan,
	author = {Herbert Marshall McLuhan y B. R. Powers},
	title = {La aldea global en la vida y los medios de comunicación mundiales en el siglo XXI},
	journal = {Editorial Planeta-Argentina, Buenos Aires (Argentina)},
	year = 1994,
	pages = {21-29},
}

@article{obs_collaborative,
	author = {John C. Tang},
	title = {Findings from observational studies of collaborative work},
	journal = {International Journal of Man-Machine Studies},
    publisher = {Elsevier Ltd.},
	volume = 34,
	year = 1991,
}

@article{trabajo_flexible,
    title = {El Trabajo Flexible en la Era de la Información},
    author = {Martín Carnoy},
    publisher = {Alianza Editorial},
	year = 2001,
  }

@article{proximity_collaboration,
	author = {Robert E. Kraut and Susan R. Fussell and Susan E. Brennan and Jane Siegel},
	title = {Understanding Effects of Proximity on Collaboration: Implications for Technologies to Support Remote Collaborative Work},
    publisher = {MIT Press},
	year = 2002,
}
@article{herramientas_trabajo_colaborativo,
	author = {Pablo Baumann and Noemí Tessio and Susana López and Daniel
    Carceglia},
	title = {Herramientas para el trabajo colaborativo en línea},
    publisher = {Virtual educa 2007},
	year = 2007,
}
