@article{decastro,
    author = {L. De Castro, J. Fernando, Von Zuben},
    title = {Learning and optimization using clonal selection principle},
    journal = {IEEE Transactions on Evolutionary Computation, Special Issue on Artificial Immune Systems},
    year = {2001},
    pages = {pp. 239-251},
}

@misc{CSP,
	title = {CSPlib Homepage},
	howpublished = {\url{http://www.cse.unsw.edu.au/~tw/csplib/prob/prob001/}},
}
