

@article{Grupo_focal,
	author = {DW Stewart and PN Shamdasani and DW Rook},
	title = {Focus groups: Theory and practice},
    publisher = {books.google.com},
	year = 2007,
}

@article{apreciativa,
	author = {David Cooperrider and Judy S. Rodgers},
	title = {What is Appreciative Inquiry},
    publisher = {BKSWU},
	year = 2002,
}


@article{creatividad,
	author = {GR Oldham and A Cummings},
	title = {Employee creativity: Personal and contextual factors at work},
    publisher = {JSTOR},
	year = 1996,
}

@article{interes,
	author = {RT Mowday and LW Porter and RM Steers},
	title = {Employee-organization linkages: The psychology of commitment, absenteeism and turnover},
	year = 1982,
}

@article{integracion,
	author = {B Buchanan},
	title = {Building organizational commitment: The socialization of managers in work organizations},
	year = 1974,
}

@article{motivacion,
	author = {F Herzberg},
	title = {One more time: how do you motivate employees?},
	year = 1986,
}
