@article{name,
	author = {autor1 and autor2},
	title = {title1},
	journal = {journal1},
    publisher = {publisher1},
	volume = 1,
	year = 2004,
	issn = {1111-111},
}
@article{obs_collaborative,
	author = {John C. Tang},
	title = {Findings from observational studies of collaborative work},
	journal = {International Journal of Man-Machine Studies},
    publisher = {Elsevier Ltd.},
	volume = 34,
	year = 1991,
}

@article{trabajo_flexible,
    title = {El Trabajo Flexible en la Era de la Información},
    author = {Martín Carnoy},
    publisher = {Alianza Editorial},
	year = 2001,
  }

@article{proximity_collaboration,
	author = {Robert E. Kraut and Susan R. Fussell and Susan E. Brennan and Jane Siegel},
	title = {Understanding Effects of Proximity on Collaboration: Implications for Technologies to Support Remote Collaborative Work},
    publisher = {MIT Press},
	year = 2002,
}
@article{herramientas_trabajo_colaborativo,
	author = {Pablo Baumann and Noemí Tessio and Susana López and Daniel
    Carceglia},
	title = {Herramientas para el trabajo colaborativo en línea},
    publisher = {Virtual educa 2007},
	year = 2007,
}
