@Misc{utfsm_alma,
	author = {Matias Mora and Jorge Ibsen and Gianluca Chiozzi and Nicol√°s Troncoso and Rodrigo Tobar and Mauricio Araya and Jorge Avarias and Arturo Hoffstadt},
	title = {Integrating a university team in the ALMA software development process: A successful model for distributed collaborations},
    howpublished = {\url{http://almasw.hq.eso.org/almasw/bin/view/JAO/SpieAlmaUtfsmCollaboration}},
}

@Misc{wikis,
  title =	 {Wiki},
  howpublished = {\url{http://es.wikipedia.org/wiki/Wiki}},
  }
@Misc{moinmoin,
  title =	 {MoinMoin},
  howpublished = {\url{http://moinmo.in/}},
  }
@Misc{mediawiki,
  title =	 {MediaWiki},
  howpublished = {\url{http://www.mediawiki.org/wiki/MediaWiki}},
  }
@Misc{twiki,
  title =	 {Twiki},
  howpublished = {\url{http://www.twiki.org/}},
  }
@Misc{wikipedia,
  title =	 {Wikipedia},
  howpublished = {\url{http://www.wikipedia.org}},
  }
@Misc{scm,
  title =	 {Software Configuration Management},
  howpublished = {\url{http://es.wikipedia.org/wiki/Software\_Configuration\_Management}},
  }
@Misc{git,
  title =	 {Git},
  howpublished = {\url{http://git-scm.com/}},
  }
@Misc{svn,
  title =	 {Subversion},
  howpublished = {\url{http://subversion.tigris.org/}},
  }
@Misc{trac,
  title =	 {Trac},
  howpublished = {\url{http://trac.edgewall.org/}},
  }
@Misc{plugin,
  title =	 {Plugin},
  howpublished = {\url{http://en.wikipedia.org/wiki/Plugin}},
  }
@Misc{Skype,
  title = {Skype},
  howpublished = {\url{http://www.skype.com/}},
}
