@article{decastro,
    author = {L. De Castro, J. Fernando, Von Zuben},
    title = {Learning and optimization using clonal selection principle},
    journal = {IEEE Transactions on Evolutionary Computation, Special Issue on Artificial Immune Systems},
    year = {2001},
    pages = {pp. 239-251},
}

@misc{CSP,
	title = {CSPlib Homepage},
	howpublished = {\url{http://www.cse.unsw.edu.au/~tw/csplib/prob/prob001/}},
	year = {Noviembre 9, 2010},
}

@misc{REVAC,
	author = {V. Nannen, A. Eiben},
	title = {Relevance Estimation and Value Calibration of Evolutionary Algorithm Parameters},
	journal = {Joint International Conference for Artificial Intelligence (IJCAI)},
	year = {2007},
	pages = {975â€“980},
}

