@article{1,
	author = {Palanichelvam K. and Oger P. and Clough S.J. and Cha C. and Bent A.F. and Farrand S.K},
	title = {A second T-region of the soybean-supervirulent chrysopine-type Ti plasmid pTiChry5, and construction of a fully disarmed vir helper plasmid},
	journal = {Mol. Plant Microbe Interact. 13 (10)},
	pages = {1081-1091},
	year = {2000},
}

@article{2,
	author = {Bouzar H. and Chilton  W. S. and Nesme X. and Dessaux Y. and Vaudequin V. and Petit A. and Jones J. B. and Hodge N. C.},
	title = {A new Agrobacterium strain isolated from aerial tumors on Ficus benjamina L.},
	journal = {Appl Environ Microbiol 61},
	year = {1995},
	pages = {65-73},
}

@article{3,

	author = {Hiroyuki Sawada and Hiroyuki Ieki and Hiroshi Oyaizu and Satoshi Matsumoto}, 
	title = {Proposal for Rejection of Agrobacterium tumefaciens and Revised Descriptions for the Genus Agrobacterium and for Agrobacterium radiobacter and Agrobacterium rhizogenes},
	journal = {International Journal of Systematic and Evolutionary Microbiology 43},
	year = {1993},
	pages = {694-702},
}

@article{4,
	author = {A. Willems and M. D. Collins},
	title = {Phylogenetic Analysis of Rhizobia and Agrobacteria Based on 16S rRNA Gene Sequences},
	journal = {International Journal of Systematic and Evolutionary Microbiology 43},
	year = {1993},
	pages = {305-313},
}

@Misc{match1,
  title =    {DfpF - Agrobacterium tumefaciens},
  howpublished = {\url{http://www.ncbi.nlm.nih.gov/protein/12831467?from=1&to=706&report=gpwithparts}}
}

@Misc{match2,
  title =    {hypothetical protein LOAG\_10175 - Loa loa},
  howpublished = {\url{http://www.ncbi.nlm.nih.gov/protein/307759085?report=genbank&log$=prottop&blast_rank=1&RID=AAZCP27R011}}
}

@Misc{match3,
  title =    {Tryptophanase - Rhodobacter sp. SW2},
  howpublished = {\url{http://www.ncbi.nlm.nih.gov/protein/260574156?report=genbank&log$=prottop&blast_rank=3&RID=AAZCP27R011}}
}

@Misc{match4,
  title =    {hypothetical protein Bm1\_46260 - Brugia malayi},
  howpublished = {\url{http://www.ncbi.nlm.nih.gov/protein/170591913?report=genbank&log$=prottop&blast_rank=4&RID=AAZCP27R011}}
}

@Misc{match5,
  title =    {hypothetical protein PD0579 - Xylella fastidiosa Temecula1},
  howpublished = {\url{http://www.ncbi.nlm.nih.gov/protein/28198489?report=genbank&log$=prottop&blast_rank=5&RID=AAZCP27R011}}
}

@Misc{match6,
  title =    {adenosine deaminase - Arcanobacterium haemolyticum DSM 20595},
  howpublished = {\url{http://www.ncbi.nlm.nih.gov/protein/297571955?report=genbank&log$=prottop&blast_rank=6&RID=AAZCP27R011}}
}
