@article{palindrome,
    abstract = {{Programs such as MFOLD and ViennaRNA are widely used to predict RNA secondary structures. How do these algorithms work? Why can't they predict RNA pseudoknots? How accurate are they, and will they get better?}},
    author = {Eddy, Sean R.},
    booktitle = {Nat Biotech},
    citeulike-article-id = {1669},
    citeulike-linkout-0 = {http://dx.doi.org/10.1038/nbt1104-1457},
    citeulike-linkout-1 = {http://dx.doi.org/10.1038/nbt1104-1457},
    citeulike-linkout-2 = {http://view.ncbi.nlm.nih.gov/pubmed/15529172},
    citeulike-linkout-3 = {http://www.hubmed.org/display.cgi?uids=15529172},
    day = {01},
    doi = {10.1038/nbt1104-1457},
    issn = {1087-0156},
    journal = {Nature Biotechnology},
    keywords = {dynamic-programming, folding, primer, rna},
    month = {November},
    number = {11},
    pages = {1457--1458},
    posted-at = {2006-09-08 00:48:05},
    priority = {0},
    publisher = {Nature Publishing Group},
    title = {{How do RNA folding algorithms work?}},
    url = {http://dx.doi.org/10.1038/nbt1104-1457},
    volume = {22},
    year = {2004}
}

@article{diapos,
	title = {Estructura de RNA},
	author = {D. Canales and I. Salas and O. Yañez},
	journal = {Diapositivas Bioinformática 2010, UTFSM.},
}
