@Misc{stasenko,
	title = {Number of Cars},
	author = {Marina Stasenko},
	year = {2001},
	howpublished = {\url{http://hypertextbook.com/facts/2001/MarinaStasenko.shtml}}	
}

@Misc{worldmapper,
	title = {World Mapper: The world as you've never seen it before},
	howpublished = {\url{http://www.worldmapper.org/display.php?selected=31}}	
}

%acm
@article{parello,
	author = {Parrello, Bruce D. and Kabat, Waldo C. and Wos, L.},
	title = {Job-shop scheduling using automated reasoning: a case study of the car-sequencing problem},
	journal = {J. Autom. Reason.},
	volume = {2},
	number = {1},
	year = {1986},
	issn = {0168-7433},
	pages = {1--42},
	publisher = {Springer-Verlag New York, Inc.},
	address = {Secaucus, NJ, USA},
}

%acm
@inproceedings{PG02,
	author = {Puchta, Markus and Gottlieb, Jens},
	title = {Solving Car Sequencing Problems by Local Optimization},
	booktitle = {Proceedings of the Applications of Evolutionary Computing on EvoWorkshops 2002},
	year = {2002},
	isbn = {3-540-43432-1},
	pages = {132--142},
	publisher = {Springer-Verlag},
	address = {London, UK},
}

@InProceedings{DTWZ94,
	author =   {A. Davenport, E. Tsang, C. Wang and K. Zhu},
	title =    {Genet: a connectionist architecture for solving constraint satisfaction problems by iterative improvement},
	booktitle =    {In Proceedings of AAAI’94},
	pages =    {325-330},
	year =     1994,
}

@article{GPS03,
	author = {J. Gottlieb, M. Puchta and C. Solnon},
	title = {A study of greedy, local search and ant colony optimization approaches for car sequencing problems},
	journal = {In Applications of evolutionary computing},
	volume = {2611 of LNCS},
	pages = {246-257},
	year = {2003},
	publisher = {Springer},
}

%acm
@article{HP94,
	author = {Hindi, Khalil S. and Ploszajski, Grzegorz},
	title = {Formulation and solution of a selection and sequencing problem in car manufacture},
	journal = {Comput. Ind. Eng.},
	volume = {26},
	number = {1},
	year = {1994},
	issn = {0360-8352},
	pages = {203--211},
	doi = {http://dx.doi.org/10.1016/0360-8352(94)90038-8},
	publisher = {Pergamon Press, Inc.},
	address = {Tarrytown, NY, USA},
}

@book{DS05,
	author = {Dorigo, Marco and St\"{u}tzle, Thomas},
	title = {Ant Colony Optimization},
	year = {2004},
	isbn = {0262042193},
	publisher = {Bradford Book},
}

@InProceedings{Sol00,
    author = {Christine Solnon},
    title = {Solving Permutation Constraint Satisfaction Problems with Artificial Ants},
    booktitle = {in Proceedings of ECAI'2000, IOS},
    year = {2000},
    pages = {118--122},
    publisher = {Press}
}

%acm
@article{Stu,
	author = {St\"{u}tzle, Thomas and Hoos, Holger H.},
	title = {MAX-MIN Ant system},
	journal = {Future Gener. Comput. Syst.},
	volume = {16},
	number = {9},
	year = {2000},
	issn = {0167-739X},
	pages = {889--914},
	publisher = {Elsevier Science Publishers B. V.},
	address = {Amsterdam, The Netherlands, The Netherlands},
}

%acm
@article{WT95,
	author = {Warwick, Terry and Tsang, Edward P. K.},
	title = {Tackling car sequencing problems using a generic genetic algorithm},
	journal = {Evol. Comput.},
	volume = {3},
	number = {3},
	year = {1995},
	issn = {1063-6560},
	pages = {267--298},
	doi = {http://dx.doi.org/10.1162/evco.1995.3.3.267},
	publisher = {MIT Press},
	address = {Cambridge, MA, USA},
}

%acm
@inproceedings{CLP+99,
	author = {Jie Cheng, Yi Lu, G. Puskorius and S. Bergeon and Jing Xiao}, 
	title = {Vehicle sequencing based on evolutionary computation},
	booktitle = {Evolutionary Computation, 1999. CEC 99. Proceedings of the 1999 Congress on},
	volume = {2},
	year = {1999},
	isbn = {0-7803-5536-9 },
	publisher = {IEEE Computer},
	address = {Washington, DC },
}

%acm
@article{DKM06,
	author = {Drexl, Andreas and Kimms, Alf and Matthie{\ss}en, Lars},
	title = {Algorithms for the car sequencing and the level scheduling problem},
	journal = {J. of Scheduling},
	volume = {9},
	number = {2},
	year = {2006},
	issn = {1094-6136},
	pages = {153--176},
	doi = {http://dx.doi.org/10.1007/s10951-006-7186-9},
	publisher = {Kluwer Academic Publishers},
	address = {Hingham, MA, USA},
}

@article{4,
	author = {M. Gravel, C. Gagné and W.L Price},
	title = {Review and comparison of three methods for the solution of the car sequencing problem.},
	journal = {Journal of the Operational Research Society.},
	volume = {56},
	number = {11},
	year = {2005},
	pages = {1287-1295},
}

@InProceedings{12,
	author = {M. Prandtstetter and G. R. Raidl},
	title = {A variable neighborhood search approach for solving the car sequencing problem},
	journal = {In Proceedings of the XVIII Mini EURO Conference on VNS, Tenerife, Spain},
	year = {2005},
}

@book{Tsa93,
	author = {E.P.K. Tsang},	
	title = {Foundations of Constraint Satisfaction},
	publisher = {Academic Press, London, UK},
	year = {1993},
	isbn = {0-12-701610-4},
}

@inproceedings{HYB1,
	author    = {Arnaud Zinflou and
	             Caroline Gagn{\'e} and
	             Marc Gravel},
	title     = {Designing hybrid integrative evolutionary approaches to
	             the car sequencing problem},
	journal = {11th International Workshop on Nature Inspired Distributed Computing (NIDISC’08), Miami, Floride, USA, 14-18 avril},
	year      = {2008},
	pages     = {1-8},
}

@article{esp1,
	author = "M.I. Alfonso and F. Barber", 
	title = "Combinacion de Procesos de Clausura y CSP para la Resolucion de Problemas de Scheduling (Premio Acc{\'e}sit Jose Cuena)", 
	journal = "Inteligencia Artificial, Revista Iberoamericana de IA", 
	number = "9", 
	volume = "4", 
	pages = "20-26", 
	year = "2000", 
	url = "http://iajournal.aepia.org/aepia/Uploads/9/154.pdf", 
}

@article{talbi,
	author = {Talbi, E.-G.},
	title = {A Taxonomy of Hybrid Metaheuristics},
	journal = {Journal of Heuristics},
	volume = {8},
	number = {5},
	year = {2002},
	issn = {1381-1231},
	pages = {541--564},
	publisher = {Kluwer Academic Publishers},
	address = {Hingham, MA, USA},
}

@article{blum,
	author = {C. Blum, A. Roli, E. Alba},
	title = {An introduction to Metaheuristics Techniques},
	journal = {Parallel Metaheuristics, E. Alva, Wiley},
	year = {2005},
}

@article{decastro,
	author = {L. De Castro, J. Fernando, Von Zuben},
	title = {Learning and optimization using clonal selection principle},
	journal = {IEEE Transactions on Evolutionary Computation, Special Issue on Artificial Immune Systems},
	year = {2001},
	pages = {pp. 239-251},
}

@article{robotPlanning,
	author = {Xuanzi Hu},
	title = {Clonal selection based mobile robot path planning},
	journal = {Automation and Logistics.ICAL.IEEE International Conference on},
	year = {2008},
	pages = {437-442},
}

@article{aircraft,
	author = {Xiaolan Jia ; Xianbin Cao ; Yuanping Guo ; Hong Qiao ; Jun Zhang},
	title = {Scheduling Aircraft Landing Based on Clonal Selection Algorithm and Receding Horizon Control},
	journal = {Intelligent Transportation Systems. ITSC. 11th International IEEE Conference on },
	year = {2008},
	pages = {357-362},
}

@article{vrp,
	author = {J. Dabrowski},
	title = {Clonal selection algorithm for vehicle routing},
	journal = {Information Technology. IT. 1st International Conference on },
	year = {2008},
	pages ={1-4},
}

@article{jobshop,
	author = {Lu Hong},
	title = {Stretching Technique-Based Clonal Selection Algorithm for Flexible Job-shop Scheduling},
	journal = {International Conference on Computational Intelligence and Natural Computing
},
	year = {2009},
}

@article{flowshop,
	author = {Feng Liu ; Xiang-ping Zhang ; Feng-xing Zou ; Ling-li Zeng},
	title = {Immune clonal selection algorithm for hybrid flow-shop scheduling problem},
	journal = {Control and Decision Conference. CCDC. Chinese },
	year = {2009},
}

@article{graph,
	author = {J. Dabrowski, M. Kubale},
	title = {Computer experiments with a parallel clonal selection algorithm for the Graph Coloring Problem},
	journal = {Parallel and Distributed Processing. IPDPS. IEEE International Symposium on },
	year = {2008},
	pages = {1-6},
}

@article{stretching,
	author = {K. E. Parsopoulos and G. D. Magoulas and Uxbridge Ub Ph and M. N. Vrahatis and V. P. Plagianakos},
	title = {Stretching technique for obtaining global minimizers through Particle Swarm Optimization},
	year = {2000},
}
	

@misc{CSP,
    title = {CSPlib Homepage},
    howpublished = {\url{http://www.cse.unsw.edu.au/~tw/csplib/prob/prob001/}},
    year = {Octubre 14, 2010},
}

@misc{REVAC,
    author = {V. Nannen, A. Eiben},
    title = {Relevance Estimation and Value Calibration of Evolutionary Algorithm Parameters},
    journal = {Joint International Conference for Artificial Intelligence (IJCAI)},
    year = {2007},
    pages = {975–980},
}

@article{riff,
	author = {M. Riff \and E. Montero \and B. Neveu},
	title = {Homeostatic Regulation of CLONALG with online Parameters Calibration},
}
